<?xml version="1.0" encoding="UTF-8" ?>
<marc:collection xmlns:marc="http://www.loc.gov/MARC21/slim" xmlns:xsi="http://www.w3.org/2001/XMLSchema-instance" xsi:schemaLocation="http://www.loc.gov/MARC21/slim http://www.loc.gov/standards/marcxml/schema/MARC21slim.xsd">
	<!-- Complementary -->
	<marc:record>
		<marc:leader>00761nam0 2200241   450 </marc:leader>
		<marc:controlfield tag="001">41</marc:controlfield>
		<marc:datafield ind1=" " ind2=" " tag="101">
			<marc:subfield code="a">English</marc:subfield>
		</marc:datafield>
		<marc:datafield ind1=" " ind2=" " tag="200">
			<marc:subfield code="a">A study in continual improvement</marc:subfield>
			<marc:subfield code="e">Part 1</marc:subfield>
			<marc:subfield code="b">Video</marc:subfield>
			<marc:subfield code="f">Clare Crawford-Mason</marc:subfield>
			<marc:subfield code="g">W. Edwards Deming</marc:subfield>
			<marc:subfield code="g">Lloyd Dobyns</marc:subfield>
		</marc:datafield>
		<marc:datafield ind1=" " ind2=" " tag="210">
			<marc:subfield code="a">Chicago, Ill. :</marc:subfield>
			<marc:subfield code="b">Films Incorporated</marc:subfield>
			<marc:subfield code="c">1995, cop. 1995</marc:subfield>
		</marc:datafield>
		<marc:datafield ind1=" " ind2=" " tag="225">
			<marc:subfield code="a">The Deming library</marc:subfield>
		</marc:datafield>
		<marc:datafield ind1=" " ind2=" " tag="215">
			<marc:subfield code="a">1 videocassette (27 min)</marc:subfield>
			<marc:subfield code="c">PAL</marc:subfield>
		</marc:datafield>
		<marc:datafield ind1=" " ind2=" " tag="330">
			<marc:subfield code="a">This two-part video program takes a look at the quality transformation under way at Virginia's Reston Hospital Center. You will discover ; Reston Hospital Center's 14 guiding principles and their relationship to Dr Deming's 14 points; why Reston Hospital Center's leadership believes that their quality improvement effort is their best hope for reducing costs and improving services; why employees need knowledge, tools, freedom, and support to initiate and take responsibility for their own process improvements.</marc:subfield>
		</marc:datafield>
		<marc:datafield ind1=" " ind2=" " tag="606">
			<marc:subfield code="3">subauth-020</marc:subfield>
			<marc:subfield code="a">Hospitals</marc:subfield>
		</marc:datafield>
		<marc:datafield ind1=" " ind2=" " tag="606">
			<marc:subfield code="3">subauth-023</marc:subfield>
			<marc:subfield code="a">Total Quality Management</marc:subfield>
		</marc:datafield>
		<marc:datafield ind1=" " ind2=" " tag="607">
			<marc:subfield code="3">plauth-001</marc:subfield>
			<marc:subfield code="a">Virginia</marc:subfield>
		</marc:datafield>
		<marc:datafield ind1=" " ind2=" " tag="700">
			<marc:subfield code="3">pauth-057</marc:subfield>
			<marc:subfield code="4">340</marc:subfield>
			<marc:subfield code="a">Crawford-Mason</marc:subfield>
			<marc:subfield code="b">Clare</marc:subfield>
		</marc:datafield>
		<marc:datafield ind1=" " ind2=" " tag="701">
			<marc:subfield code="3">pauth-058</marc:subfield>
			<marc:subfield code="4">208</marc:subfield>
			<marc:subfield code="a">Deming</marc:subfield>
			<marc:subfield code="b">William Edwards</marc:subfield>
		</marc:datafield>
		<marc:datafield ind1=" " ind2=" " tag="702">
			<marc:subfield code="3">pauth-059</marc:subfield>
			<marc:subfield code="4">550</marc:subfield>
			<marc:subfield code="a">Dobyns</marc:subfield>
			<marc:subfield code="b">Lloyd</marc:subfield>
		</marc:datafield>
	</marc:record>