
	<marc:record>
		<marc:leader>00761nam0 2200241   450 </marc:leader>
		<marc:controlfield tag="001">16</marc:controlfield>
		<marc:datafield ind1="1" ind2=" " tag="200">
			<marc:subfield code="a">DCG epreuve 10</marc:subfield>
			<marc:subfield code="e">comptabilite approfondie</marc:subfield>
			<marc:subfield code="e">manuel et applications</marc:subfield>
			<marc:subfield code="f">Odile Barbe</marc:subfield>
			<marc:subfield code="f">Laurent Didelot</marc:subfield>
			<marc:subfield code="f">Jean-Luc Siegwart</marc:subfield>
		</marc:datafield>
		<marc:datafield ind1=" " ind2=" " tag="205">
			<marc:subfield code="a">2015-2016</marc:subfield>
		</marc:datafield>
		<marc:datafield ind1=" " ind2=" " tag="210">
			<marc:subfield code="a">Paris</marc:subfield>
			<marc:subfield code="c">Nathan</marc:subfield>
			<marc:subfield code="c">Groupe Revue fiduciaire</marc:subfield>
			<marc:subfield code="d">2015</marc:subfield>
		</marc:datafield>
		<marc:datafield ind1=" " ind2=" " tag="215">
			<marc:subfield code="a">1 volume (763 pages)</marc:subfield>
			<marc:subfield code="d">24 cm</marc:subfield>
		</marc:datafield>
		<marc:datafield ind1="2" ind2=" " tag="225">
			<marc:subfield code="a">DCG</marc:subfield>
		</marc:datafield>
		<marc:datafield ind1=" " ind2="1" tag="700">
			<marc:subfield code="3">pauth-046</marc:subfield>
			<marc:subfield code="a">Barbe-Dandon</marc:subfield>
			<marc:subfield code="b">Odile</marc:subfield>
			<marc:subfield code="4">070</marc:subfield>
		</marc:datafield>
		<marc:datafield ind1=" " ind2="1" tag="701">
			<marc:subfield code="3">pauth-047</marc:subfield>
			<marc:subfield code="a">Didelot</marc:subfield>
			<marc:subfield code="b">Laurent</marc:subfield>
			<marc:subfield code="4">070</marc:subfield>
		</marc:datafield>
		<marc:datafield ind1=" " ind2="1" tag="701">
			<marc:subfield code="3">pauth-048</marc:subfield>
			<marc:subfield code="a">Siegwart</marc:subfield>
			<marc:subfield code="b">Jean-Luc</marc:subfield>
			<marc:subfield code="4">070</marc:subfield>
		</marc:datafield>
	</marc:record>