
	<marc:record>
		<marc:leader>00761nam0 2200241   450 </marc:leader>
		<marc:controlfield tag="001">34</marc:controlfield>
		<marc:datafield ind1=" " ind2=" " tag="011">
			<marc:subfield code="a">0195-9417</marc:subfield>
			<marc:subfield code="b">1</marc:subfield>
		</marc:datafield>
		<marc:datafield ind1=" " ind2=" " tag="101">
			<marc:subfield code="a">English</marc:subfield>
		</marc:datafield>
		<marc:datafield ind1="1" ind2=" " tag="200">
			<marc:subfield code="a">Infection control</marc:subfield>
		</marc:datafield>
		<marc:datafield ind1=" " ind2=" " tag="210">
			<marc:subfield code="a">Thorofare, NJ</marc:subfield>
			<marc:subfield code="c">SLACK Inc.</marc:subfield>
			<marc:subfield code="d">1980-1987</marc:subfield>
		</marc:datafield>
		<marc:datafield ind1=" " ind2=" " tag="326">
			<marc:subfield code="a">Monthly</marc:subfield>
		</marc:datafield>
		<marc:datafield ind1=" " ind2=" " tag="500">
			<marc:subfield code="3">tauth-019</marc:subfield>
			<marc:subfield code="a">Infection control</marc:subfield>
		</marc:datafield>
		<marc:datafield ind1=" " ind2=" " tag="610">
			<marc:subfield code="3">subauth-022</marc:subfield>
			<marc:subfield code="a">Infection</marc:subfield>
		</marc:datafield>
		<marc:datafield ind1=" " ind2=" " tag="610">
			<marc:subfield code="3">subauth-021</marc:subfield>
			<marc:subfield code="a">Infection Control</marc:subfield>
		</marc:datafield>
	</marc:record>
</marc:collection>